<record><leader>00000cas a22000007a 4500</leader><controlfield tag="001">19359426</controlfield><controlfield tag="008">890314d19161926ndudr ne      0    0eng d</controlfield><datafield ind1=" " ind2=" " tag="010"><subfield code="a">sn 89074033 </subfield></datafield><datafield ind1=" " ind2=" " tag="040"><subfield code="a">NOP</subfield><subfield code="b">eng</subfield><subfield code="c">NOP</subfield><subfield code="d">OCLCQ</subfield></datafield><datafield ind1=" " ind2=" " tag="042"><subfield code="a">msc</subfield></datafield><datafield ind1="0" ind2=" " tag="130"><subfield code="a">Minot daily news and Minot daily optic-reporter (Minot, N.D. : 1916)</subfield></datafield><datafield ind1="1" ind2="4" tag="245"><subfield code="a">The Minot daily news and Minot daily optic-reporter.</subfield></datafield><datafield ind1=" " ind2=" " tag="260"><subfield code="a">Minot, N.D. :</subfield><subfield code="b">C.A. Johnson</subfield></datafield><datafield ind1=" " ind2=" " tag="300"><subfield code="a">v. :</subfield><subfield code="b">ill. ;</subfield><subfield code="c">55-56 cm.</subfield></datafield><datafield ind1=" " ind2=" " tag="310"><subfield code="a">Daily</subfield></datafield><datafield ind1="0" ind2=" " tag="362"><subfield code="a">Nov. 26, 1916-Sept. 14, 1926.</subfield></datafield><datafield ind1=" " ind2=" " tag="530"><subfield code="a">Available on microfilm from the State Historical Society of North Dakota.</subfield></datafield><datafield ind1=" " ind2=" " tag="752"><subfield code="a">United States</subfield><subfield code="b">North Dakota</subfield><subfield code="c">Ward</subfield><subfield code="d">Minot.</subfield></datafield><datafield ind1="0" ind2=" " tag="775"><subfield code="t">Minot daily news and Minot daily optic-reporter (Minot, N.D. : 1917)</subfield><subfield code="w">(DLC)sn 89074036</subfield></datafield><datafield ind1="0" ind2="4" tag="780"><subfield code="t">Minot daily optic-reporter (Minot, N.D. : 1914)</subfield><subfield code="w">(DLC)sn 89074032</subfield></datafield><datafield ind1="0" ind2="4" tag="780"><subfield code="t">Minot daily optic-reporter (Minot, N.D. : 1916)</subfield><subfield code="w">(DLC)sn 89074035</subfield></datafield><datafield ind1="0" ind2="5" tag="780"><subfield code="t">Minot daily news and Minot daily optic reporter (Minot, N.D. : 1917)</subfield><subfield code="w">(DLC)sn 89074036</subfield></datafield><datafield ind1="0" ind2="0" tag="785"><subfield code="t">Minot daily news (and daily optic reporter)</subfield><subfield code="w">(DLC)sn8907040346</subfield></datafield></record>